<?xml version="1.0" encoding="UTF-8"?><collection xmlns="http://www.loc.gov/MARC21/slim"><record><leader>00349nam--2200121-i-4500</leader><controlfield tag="001">000022402</controlfield><controlfield tag="002">20161230</controlfield><controlfield tag="005">20161230201034</controlfield><controlfield tag="008">060222s1000------------r-----000-0-eng-d</controlfield><datafield ind1=" " ind2=" " tag="100"><subfield code="a">Harvey, Kenneth B., Porter G.B</subfield></datafield><datafield ind1=" " ind2=" " tag="245"><subfield code="a">Introduction to physical inorganic chemistry</subfield></datafield><datafield ind1=" " ind2=" " tag="260"><subfield code="a">London, Addison-wesley Publ.Co.,Inc., 1963. X + 437 P</subfield></datafield><datafield ind1=" " ind2=" " tag="852"><subfield code="a">20103</subfield></datafield></record></collection>